
	
@book {b1,
author = {Зарубин, В.С.},
title = {Математическое моделирование в технике},
address ={Москва},
publisher = {Изд-во МГТУ им. Н.Э. Баумана},
year = {2001},
numpages = {496},
language = {russian},
}


@book {b2,
author = {Амосов, А. А., Ю. А., Дубинский, Н. В., Копченова},
title = {Вычислительные методы для инженеров },
address ={Москва},
publisher = { Высш. шк.},
year = {1994},
numpages = {544},
language = {russian},
}

@book {b3,
author = {Мышкис, А. Д.},
title = {Элементы теории математических моделей},
address ={Москва},
publisher = { Наука},
year = {1994},
numpages = {1992},
language = {russian},
}

@book {b4,
author = {Маркелов, Г. Е.},
title = {Основные принципы построения математических моделей},
address ={Москва},
publisher = {Вестник МГТУ им. Н.Э. Баумана. Сер. “Естественные науки”},
edition ={№4},
year = {2005},
numpages = {59-70},
language = {russian},
}

@book {b5,
author = {	Пономарев, В. Б., А. Б., Лошкарев},
title = {Основные принципы построения математических моделей},
address ={ Екатеринбург},
publisher = {ГОУ ВПО «Уральский государственный технический университет – УПИ»},
year = {2006},
numpages = {112},
language = {russian},
}

@book {b6,
author = {Аюпов, В. В.},
title = {Математическое моделирование технических систем },
address ={ Пермь},
publisher = {ИПЦ «Прокростъ»},
year = {2017},
numpages = {243},
language = {russian},
}

@book {b7,
author = { Лагутин,А. В., О. Г., Иванова, В. М., Тютюнник},
title = {Специальные разделы теории управления. Оптимальное управление динамическими системами. Учеб.-метод. Пособие },
address ={ Тамбов},
publisher = {Изд-во Тамб. гос. техн. ун-та},
year = {2007},
numpages = {108},
language = {russian},
}


@book {b8,
author = { Sethi, Suresh P. and Thompson, Gerald L.},
title = {Optimal {Control} {Theory}: {Applications} to {Management} {Science} and {Economics}},
edition = {2},
publisher = {Springer},
year = {2000},
numpages = {506},
language = {en},
}
5.	Пономарев В. Б. Математическое моделирование технологических процессов. Курс лекций  / В. Б. Пономарев, А. Б. Лошкарев. – Екатеринбург : ГОУ ВПО «Уральский государственный технический университет – УПИ», 2006. – 112 с.

6.	 Аюпов В. В. Математическое моделирование технических систем /  В. В. Аюпов. . Пермь : ИПЦ «Прокростъ», 2017.  – 243с.

7.	Лагутин А. В. Специальные разделы теории управления. Оптимальное управление динамическими системами. Учеб.-метод. Пособие  / А. В. Лагутин, О. Г. Иванова, В. М. Тютюнник – Тамбов : Изд-во Тамб. гос. техн. ун-та, 2007. – 108 с

8.	 Suresh P. Sethi  Optimal control theory: applications to management science and economics / Suresh P. Sethi, Gerald L. Thompson. : Springer; 2nd edition, 2005. – 506 p.
}
1.	Зарубин В. С. Математическое моделирование в технике / В. С. Зарубин. Москва: Изд-во МГТУ им. Н.Э. Баумана, 2001. – 496 с.

2.	Амосов А. А. Вычислительные методы для инженеров / А. А. Амосов, Ю. А. Дубинский, Н. В. Копченова  – Москва : Высш. шк., 1994. – 544 с.

3.	Мышкис А. Д. Элементы теории математических моделей / А. Д. Мышкис. Москва : Наука, 1994. – 192 с.

4.	Маркелов Г. Е. Основные принципы построения математических моделей / Г. Е. Маркелов // Вестник МГТУ им. Н.Э. Баумана. Сер. “Естественные науки”. – 2005.  – № 4. – С. 59–70.